
@article{ref:FreundS1999JSAI,
  title={A short introduction to boosting},
  author={Freund, Yoav and Schapire, Robert},
  journal={Journal-Japanese Society For Artificial Intelligence},
  volume={14},
  number={771-780},
  pages={1612},
  year={1999},
  publisher={JAPANESE SOC ARTIFICIAL INTELL}
}
